@article{35903957,
  year = {2022 Dec 15},
  title = {Default mode network mediates low-frequency fluctuations in brain activity and},
  author = {Zhang H},
  author = {Yang SY},
  author = {Qiao Y},
  author = {Ge Q},
  author = {Tang YY},
  author = {Northoff G},
  author = {Zang YF},
}