@dataset{ds004392:1.0.0,
  author    = {Korey P. Wylie and Benzi M. Kluger and Luis D. Medina and Samantha K. Holden and Eugene Kronberg and Jason R. Tregellas and Isabelle Buard},
  title     = {"Parkinson's disease, functional connectivity, and cognition"},
  year      = {2023},
  doi       = {doi:10.18112/openneuro.ds004392.v1.0.0},
  publisher = {OpenNeuro}
}

@article{35903957,
  year   = {2022 Dec 15},
  title  = {Default mode network mediates low-frequency fluctuations in brain activity and},
  author = {Zhang H},
  author = {Yang SY},
  author = {Qiao Y},
  author = {Ge Q},
  author = {Tang YY},
  author = {Northoff G},
  author = {Zang YF}
}